@book{SaLP,
 author = {Jurafsky, Daniel and Martin, James H.},
 title = {Speech and Language Processing: An Introduction to Natural Language Processing, Computational Linguistics, and Speech Recognition},
 year = {2009},
 isbn = {0135041961},
 edition = {2nd},
 publisher = {Prentice Hall PTR},
 address = {Upper Saddle River, NJ, USA},
}
@misc{GeoPy,
      author = "Joel Lawhead.",
      title = "Point in Polygon 2: Walking the line",
      month = "August",
      year = "2011",
      url = "http://geospatialpython.com/2011/08/point-in-polygon-2-on-line.html"
}
@misc{TwLang,
      title = "Arabic highest growth on Twitter",
      month = "February",
      year = "2010",
      publisher = {Semiocast},
      address = {Paris, France},
      url = "http://semiocast.com/publications/2011_11_24_Arabic_highest_growth_on_Twitter"
}
@misc{TwCountries,
      title = "Brazil becomes 2nd country on Twitter, Japan 3rd",
      month = "January",
      year = "2012",
      publisher = {Semiocast},
      address = {Paris, France},
      url = "http://semiocast.com/publications/2012_01_31_Brazil_becomes_2nd_country_on_Twitter_superseds_Japan"
}