@book{SaLP,
 author = {Jurafsky, Daniel and Martin, James H.},
 title = {Speech and Language Processing: An Introduction to Natural Language Processing, Computational Linguistics, and Speech Recognition},
 year = {2009},
 isbn = {0135041961},
 edition = {2nd},
 publisher = {Prentice Hall PTR},
 address = {Upper Saddle River, NJ, USA},
}
@misc{GeoPy,
      author = "Joel Lawhead.",
      title = "Point in Polygon 2: Walking the line",
      month = "August",
      year = "2011",
      url = "http://geospatialpython.com/2011/08/point-in-polygon-2-on-line.html"
}